@misc{djb2, 
title={Department of Electrical Engineering \& Computer Science \– Lassonde Department of Electrical Engineering \& Computer Science Site},
 url={http://www.cse.yorku.ca/~oz/hash.html}, 
 journal={Department of Electrical Engineering \& Computer Science \– Lassonde Department of Electrical Engineering \& Computer Science Site}}